<record><leader>00000cas a22000007a 4500</leader><controlfield tag="001">55943961</controlfield><controlfield tag="006">m     o  d        </controlfield><controlfield tag="007">cr cnu||||||||</controlfield><controlfield tag="008">040714c200u9999nyuwr neo     0   a0eng c</controlfield><datafield ind1=" " ind2=" " tag="010"><subfield code="a">  2004213129</subfield></datafield><datafield ind1=" " ind2=" " tag="040"><subfield code="a">NSD</subfield><subfield code="b">eng</subfield><subfield code="c">NSD</subfield><subfield code="d">OCLCQ</subfield></datafield><datafield ind1=" " ind2=" " tag="012"><subfield code="l">1</subfield></datafield><datafield ind1="0" ind2=" " tag="022"><subfield code="a">1551-3270</subfield><subfield code="l">1551-3262</subfield><subfield code="2">1</subfield></datafield><datafield ind1=" " ind2=" " tag="037"><subfield code="b">W.M.T. Publications, City Newspaper, 250 North Goodman St., Rochester NY 14607</subfield></datafield><datafield ind1=" " ind2=" " tag="042"><subfield code="a">nsdp</subfield><subfield code="a">msc</subfield></datafield><datafield ind1="1" ind2="0" tag="050"><subfield code="a">ISSN RECORD</subfield></datafield><datafield ind1="0" ind2=" " tag="130"><subfield code="a">City (Rochester, N.Y.)</subfield></datafield><datafield ind1=" " ind2="0" tag="222"><subfield code="a">City</subfield><subfield code="b">(Rochester, N.Y.)</subfield></datafield><datafield ind1="1" ind2="0" tag="245"><subfield code="a">City.</subfield></datafield><datafield ind1="1" ind2="3" tag="246"><subfield code="a">City newspaper</subfield></datafield><datafield ind1=" " ind2=" " tag="260"><subfield code="a">Rochester, NY :</subfield><subfield code="b">W.M.T. Publications</subfield></datafield><datafield ind1=" " ind2=" " tag="310"><subfield code="a">Weekly</subfield></datafield><datafield ind1=" " ind2=" " tag="336"><subfield code="a">text</subfield><subfield code="b">txt</subfield><subfield code="2">rdacontent</subfield></datafield><datafield ind1=" " ind2=" " tag="337"><subfield code="a">computer</subfield><subfield code="b">c</subfield><subfield code="2">rdamedia</subfield></datafield><datafield ind1=" " ind2=" " tag="338"><subfield code="a">online resource</subfield><subfield code="b">cr</subfield><subfield code="2">rdacarrier</subfield></datafield><datafield ind1=" " ind2=" " tag="538"><subfield code="a">Mode of access: World Wide Web.</subfield></datafield><datafield ind1=" " ind2=" " tag="588"><subfield code="a">Description based on: July 14, 2004; title from banner (viewed July 14, 2004).</subfield></datafield><datafield ind1="0" ind2="8" tag="776"><subfield code="i">Print version:</subfield><subfield code="t">City newspaper</subfield><subfield code="x">1551-3262</subfield><subfield code="w">(DLC)sn 85054398</subfield></datafield><datafield ind1="4" ind2="0" tag="856"><subfield code="u">http://www.rochester-citynews.com</subfield></datafield><datafield ind1="1" ind2=" " tag="029"><subfield code="a">AU@</subfield><subfield code="b">000025995402</subfield></datafield><datafield ind1="1" ind2=" " tag="029"><subfield code="a">NZ1</subfield><subfield code="b">8670338</subfield></datafield></record>